@article{zheng2008four,
  title={Four-chamber heart modeling and automatic segmentation for 3-D cardiac CT volumes using marginal space learning and steerable features},
  author={Zheng, Yefeng and Barbu, Adrian and Georgescu, Bogdan and Scheuering, Michael and Comaniciu, Dorin},
  journal={IEEE transactions on medical imaging},
  volume={27},
  number={11},
  pages={1668--1681},
  year={2008},
  publisher={IEEE}
}

@article{zhuang2016multi,
	title={Multi-scale patch and multi-modality atlases for whole heart segmentation of MRI},
	author={Zhuang, Xiahai and Shen, Juan},
	journal={Medical image analysis},
	volume={31},
	pages={77--87},
	year={2016},
	publisher={Elsevier}
}

@article{wachinger2012entropy,
	title={Entropy and Laplacian images: Structural representations for multi-modal registration},
	author={Wachinger, Christian and Navab, Nassir},
	journal={Medical image analysis},
	volume={16},
	number={1},
	pages={1--17},
	year={2012},
	publisher={Elsevier}
}

@article{Tsaftaris2017,
    author = {Tsaftaris, Sotirios A. and Gooya, Ali and Frangi, Alejandro F. and Prince, Jerry L.},
    journal = {Lecture Notes in Computer Science (including subseries Lecture Notes in Artificial Intelligence and Lecture Notes in Bioinformatics)},
    keywords = {cardiac,ct,deep learning,gan,mr,synthesis},
    pages = {3--13},
    title = {{Simulation and synthesis in medical imaging: Second international workshop, SASHIMI 2017 held in conjunction with MICCAI 2017 Qu{\'{e}}bec city, QC, Canada, September 10, 2017 proceedings}},
    volume = {10557 LNCS},
    year = {2017}
}

@inproceedings{zhu2017unpaired,
  title={Unpaired image-to-image translation using cycle-consistent adversarial networks},
  author={Zhu, Jun-Yan and Park, Taesung and Isola, Phillip and Efros, Alexei A},
  booktitle={Proceedings of the IEEE international conference on computer vision},
  pages={2223--2232},
  year={2017}
}